@Book{xie2015,
  title = {Dynamic Documents with {R} and knitr},
  author = {Yihui Xie},
  publisher = {Chapman and Hall/CRC},
  address = {Boca Raton, Florida},
  year = {2015},
  edition = {2nd},
  note = {ISBN 978-1498716963},
  url = {http://yihui.name/knitr/},
}
@article{毛向樱2018,
  title={网络语言暴力及国外治理经验借鉴},
  author={毛向樱},
  journal={武汉冶金管理干部学院学报},
  volume={28},
  number={1},
  pages={25--27},
  year={2018}
}
